<record><leader>00000cas a22000007a 4500</leader><controlfield tag="001">16760467</controlfield><controlfield tag="008">870926d19291937iauwr ne      0    0eng d</controlfield><datafield ind1=" " ind2=" " tag="010"><subfield code="a">sn 87057652 </subfield></datafield><datafield ind1=" " ind2=" " tag="040"><subfield code="a">INP</subfield><subfield code="b">eng</subfield><subfield code="c">INP</subfield><subfield code="d">OCLCQ</subfield></datafield><datafield ind1=" " ind2=" " tag="042"><subfield code="a">msc</subfield></datafield><datafield ind1="0" ind2="4" tag="245"><subfield code="a">The Garner leader and Garner signal.</subfield></datafield><datafield ind1="1" ind2="3" tag="246"><subfield code="a">Garner leader and signal</subfield></datafield><datafield ind1="1" ind2="3" tag="246"><subfield code="a">Garner (Iowa) leader and signal</subfield></datafield><datafield ind1=" " ind2=" " tag="260"><subfield code="a">Garner, Iowa :</subfield><subfield code="b">[s.n.],</subfield><subfield code="c">1929-1937.</subfield></datafield><datafield ind1=" " ind2=" " tag="300"><subfield code="a">21 v.</subfield></datafield><datafield ind1=" " ind2=" " tag="310"><subfield code="a">Weekly</subfield></datafield><datafield ind1="0" ind2=" " tag="362"><subfield code="a">Vol. 46, no. 10 (Jan. 2, 1929)-v. 66, no. 38 (Nov. 24, 1937).</subfield></datafield><datafield ind1=" " ind2=" " tag="752"><subfield code="a">United States</subfield><subfield code="b">Iowa</subfield><subfield code="c">Hancock</subfield><subfield code="d">Garner.</subfield></datafield><datafield ind1="0" ind2="4" tag="780"><subfield code="t">Garner leader</subfield><subfield code="w">(DLC)sn 87057700</subfield></datafield><datafield ind1="0" ind2="4" tag="780"><subfield code="t">Garner signal</subfield><subfield code="w">(DLC)sn 87057651</subfield></datafield><datafield ind1="0" ind2="7" tag="785"><subfield code="t">Garner herald (Garner, Iowa : 1932)</subfield><subfield code="w">(DLC)sn 87057655</subfield></datafield><datafield ind1="0" ind2="7" tag="785"><subfield code="t">Garner leader and Garner signal and Garner herald</subfield><subfield code="w">(DLC)sn 87057656</subfield></datafield></record>